<collection xmlns="http://www.loc.gov/MARC21/slim"><record><leader>00848nam  2200289   450</leader><controlfield tag="001">142</controlfield><controlfield tag="003">http://montalegre.opacnet.com/OPAC/default.aspx?ContentAreaControl=ShowRegHoldings.ascx&amp;RegNo=16662</controlfield><controlfield tag="005">20</controlfield><datafield tag="010" ind1=" " ind2=" "><subfield code="a">972-20-0497-2</subfield></datafield><datafield tag="021" ind1=" " ind2=" "><subfield code="a">PT</subfield><subfield code="b">55633/92</subfield></datafield><datafield tag="095" ind1=" " ind2=" "><subfield code="a">PTBN00376808</subfield></datafield><datafield tag="100" ind1=" " ind2=" "><subfield code="a">19920715d1992    m  y0pory010305  ba</subfield></datafield><datafield tag="101" ind1="1" ind2=" "><subfield code="a">por</subfield><subfield code="c">eng</subfield></datafield><datafield tag="102" ind1=" " ind2=" "><subfield code="a">PT</subfield></datafield><datafield tag="105" ind1=" " ind2=" "><subfield code="a">y   z   000ay</subfield></datafield><datafield tag="106" ind1=" " ind2=" "><subfield code="a">r</subfield></datafield><datafield tag="200" ind1="1" ind2=" "><subfield code="a">Mulheres</subfield><subfield code="f">Charles Bukowski</subfield><subfield code="g">trad. Fernando Luís</subfield></datafield><datafield tag="205" ind1=" " ind2=" "><subfield code="a">2ª ed</subfield></datafield><datafield tag="210" ind1=" " ind2=" "><subfield code="a">Lisboa</subfield><subfield code="c">Dom Quixote</subfield><subfield code="d">1992</subfield></datafield><datafield tag="215" ind1=" " ind2=" "><subfield code="a">292 p.</subfield><subfield code="d">23 cm</subfield></datafield><datafield tag="225" ind1="2" ind2=" "><subfield code="a">Ficções &amp; cª</subfield><subfield code="v">11</subfield></datafield><datafield tag="304" ind1=" " ind2=" "><subfield code="a">Tít. orig.: Women</subfield></datafield><datafield tag="675" ind1=" " ind2=" "><subfield code="a">821</subfield><subfield code="v">BN</subfield><subfield code="z">por</subfield></datafield><datafield tag="700" ind1=" " ind2="1"><subfield code="a">Bukowski</subfield><subfield code="b">Charles</subfield><subfield code="f">1920-1994</subfield></datafield><datafield tag="702" ind1=" " ind2="1"><subfield code="a">Luís</subfield><subfield code="b">Fernando</subfield><subfield code="f">1960</subfield><subfield code="4">730</subfield></datafield><datafield tag="801" ind1=" " ind2="0"><subfield code="a">PT</subfield><subfield code="b">Biblioteca Municipal de Montalegre</subfield><subfield code="g">RPC</subfield></datafield><datafield tag="856" ind1=" " ind2=" "><subfield code="u">locateMedia.asp?cod=20060509143108&amp;ext=jpg</subfield><subfield code="z">CAPA</subfield></datafield><datafield tag="909" ind1="&#9;" ind2=" "><subfield code="a">1</subfield></datafield><datafield tag="966" ind1=" " ind2=" "><subfield code="a">0008416</subfield><subfield code="l">BMM</subfield><subfield code="s">SCG 821 BUK mul 11</subfield></datafield></record></collection>